4872 6496
990 189 1446 168 ja le ferist co savum n⁹ assez

979 335 1484 152 meis li níes charles en ẽꝯtre alez

974 465 1478 157 se lí a dit sire estult reposez

1012 590 1608 178 pur meíe amur si de rien m amez

985 714 1369 162 kar li paen est de mei afiez

974 833 1613 184 laissez luí dire tutes ses volẽtez

979 974 1576 162 un chevaler i sist q̃ fu mal senez

985 1104 1597 168 provẽcel iert de seínt gile fu nez

1012 1228 1380 163 al messag͛ est derere alez

979 1347 1678 179 amduí ses puínz li at el chief mellez

985 1477 1629 168 trait le a t͛re kar cil ne s est gardez

1006 1602 1538 151 meis otinel est ml̃t tost relevez

979 1710 1678 190 trait curcuse dũt le pũz fu dorrez

974 1856 1489 163 ferir le veit ne s est pas ubliez

985 1986 1537 163 k as piez le rei ẽ est le chef colpez

979 2116 1592 168 fͣnceis s escriẽt barũ kar le ꝑnez

985 2246 1288 152 otinel s est a une part t᷑nez

974 2371 1575 146 les oilz roille les gernuns a levez

979 2495 1478 152 líun resemble qͥ seit ẽchaenez

985 2625 1645 179 en halt s escrie baruns ne v⁹ remuez

979 2760 1570 163 kar par icel dex a qͥ me suí donez

985 2896 1532 146 ja murent set cenz si v⁹ croulez

963 3031 1581 146 l emꝑere s en est en piez levez

968 3155 1446 147 si luí a dit l espee me donez

968 3280 1397 130 dit li paien de folie parlez

968 3399 1592 146 dũc dist rodlant a mei la rendez

974 3524 1548 157 assez l averez qͣnt v⁹ departirez

979 3664 1451 136 dit otinel beal sire ore la tenez

963 3789 1635 162 mes ml̃t v⁹ pri ke bien la me guardez

985 3935 1570 141 ne la doreie p᷑ set de vos citez

963 4070 1792 152 uncore en ert de celui vostre chief colpez

979 4211 1597 130 dist rodlant par fei trop v⁹ avãtez

963 4341 1619 141 vostre message dites puis v⁹ en alez

990 4471 1570 146 jo volenters dist il ore escutez

1218 4606 1521 157 charles feit il jo ne te celerai mie

1218 4731 1163 157 messag͛ suí l ẽꝑur garsie

979 4850 1733 157 ki tient espaníe alixandre e bucie

996 4985 1596 168 tyre e sydoníe perse e barbarie

985 5131 1624 141 e destreint tut de si k en femelie

979 5267 1619 151 par mei te mande leisse cristieníe

1006 5402 1478 130 cristiente ne valt une alíe

974 5532 1743 179 mes serf mahun qͥ tut le mũde guíe

2674 200 1429 211 ki si ne creít il feit gͣnt folie

2663 357 1407 173 devienc sis tu e ta cõpaignie

2679 487 1646 184 puis si t en víen al riche rei garsie

2695 627 1310 157 il te dorra aver e manantíe

2679 752 1494 162 ensurketut te larra normẽdie

2690 887 1456 163 e d englet͛re les porz e la navie

2652 1012 1700 162 a tun nevu rodlant durra russie

2701 1131 1304 162 e oliv͛ prenge esclavuníe

2663 1261 1732 173 mes duce france ne v⁹ larra il mie

2706 1385 1337 163 i l at done florian de sulie

2712 1640 1548 21 fiz a cel rei russel de barbarie

2663 1645 1775 157 n at plus ꝓdom hum ẽ tute paienie

2712 1764 1380 136 ne q̃ tãt eit los de chevalerie

2668 1900 1532 140 ne qͥ meuz ferge od espee furbíe

2668 2019 1576 162 cil tendra france qͥte ẽ sa baillie

2657 2159 1316 141 dist l ẽꝑere issi n ert il míe

2679 2279 1364 140 k en dite v⁹ ma meisne nurie

2668 2403 1592 130 tut le barnage a une voiz escrie

2674 2528 1526 157 dreiz ẽꝑere n⁹ nel suffrum míe

2712 2663 1504 157 q̃ ja paien eient frãce en baillie

2657 2804 1603 140 mes fai venír ta gͣnt chevalerie

2674 2928 1537 135 puís se tu vols deske la n⁹ guíe

2668 3063 1581 147 tãt q̃ verrum la pute gẽt haie

2668 3188 1673 141 s en bataille trovũ le rei garsie

2690 3307 1505 146 ja de la teste n ẽ portera il mie

2674 3432 1570 135 dist otinel ore oí gͣnt briconie

2690 3545 1483 152 tel manace ore l ẽꝑur garsie

2690 3675 1370 146 k il matera e toldra la vie

2695 3794 1500 173 qͣnt il verra sa gͣnt chevalerie

2647 3940 1634 168 li plus hardi n avera talẽt qͥ l rie

2793 4087 1586 167 meuz voldreit estre dela normẽdie

2760 4211 1684 184 co dist dux naímes a la barbe florie

2663 4363 1656 146 si charles mãde sa gͣnt chevalerie

2663 4482 1467 146 u trov͛a il cel riche rei garsie

2782 4606 1483 163 cõbatereit sei a sa gͣnt ꝯpaingníe

2733 4747 1402 125 dist otinel ore oí gͣnt briconie

2771 4877 1565 135 ja sũt il par set feiz set cenz mile

2733 5012 1678 141 as blancs halbercs as ẽseingnes de sire

2733 5142 1657 157 k unq̃s ne fuirent p᷑ pour de lur vie

2744 5283 1272 151 une cite ont fete en lũbardie

2733 5413 1548 151 entre dous ewes l ont ferme e bastie

2760 5554 1305 173 paiene gent l apelent atelie
